<?xml version="1.0" encoding="utf-8"?>
<record xmlns="http://www.loc.gov/MARC21/slim" xmlns:xsi="http://www.w3.org/2001/XMLSchema-instance" xsi:schemaLocation="http://www.loc.gov/MARC21/slim http://www.loc.gov/standards/marcxml/schema/MARC21slim.xsd">
	<leader>     nam a22     Mi 4500</leader>
	<controlfield tag="001">644578</controlfield>
	<controlfield tag="003">NNC</controlfield>
	<controlfield tag="006">m        d        </controlfield>
	<controlfield tag="007">cr cn |||m|||a</controlfield>
	<controlfield tag="008">190315q19041905ua      o     000 0 arard</controlfield>
	<datafield ind1=" " ind2=" " tag="040">
		<subfield code="a">ZYU</subfield>
		<subfield code="b">ara</subfield>
		<subfield code="e">rda</subfield>
		<subfield code="c">ZYU</subfield>
	</datafield>
	<datafield ind1=" " ind2=" " tag="043">
		<subfield code="a">aw-----</subfield>
	</datafield>
	<datafield ind1="1" ind2="4" tag="050">
		<subfield code="a">HQ470.A7</subfield>
		<subfield code="b">A33x 1904</subfield>
	</datafield>
	<datafield ind1="1" ind2=" " tag="100">
		<subfield code="a">ʻAdawī, Muḥammad Muṣṭafá.</subfield>
	</datafield>
	<datafield ind1="1" ind2="0" tag="240">
		<subfield code="6">880-01</subfield>
		<subfield code="a">Bustān al-rāghibīn wa-bughyat al-ʻājizīn ʻan al-rahz lil-kāf wa-al-sīn</subfield>
	</datafield>
	<datafield ind1="1" ind2="0" tag="245">
		<subfield code="6">880-02</subfield>
		<subfield code="a">Hādhā kitāb Bustān al-rāghibīn wa-bughyat al-ʻājizīn ʻan al-rahz lil-kāf wa-al-sīn :</subfield>
		<subfield code="b">wa-huwa khayr min taʻāṭī al-maʻājīn wa-ʻinda istiʻmālihi yuhayyiju al-bāh shawqan lil-ʻishrīn wa-al-sittīn /</subfield>
		<subfield code="c">katabahu Muḥammad Muṣṭafá al-ʻAdawī. Wa-bihāmishihi kitāb al-Ladhdhāt wa-majmaʻ al-shahawāt min kitāb Rujūʻ al-shaykh ilá ṣibāh.</subfield>
	</datafield>
	<datafield ind1="1" ind2="4" tag="246">
		<subfield code="6">880-03</subfield>
		<subfield code="a">Kitāb Bustān al-rāghibīn</subfield>
	</datafield>
	<datafield ind1="3" ind2=" " tag="246">
		<subfield code="6">880-04</subfield>
		<subfield code="a">Ladhdhāt wa-majmaʻ al-shahawāt</subfield>
	</datafield>
	<datafield ind1=" " ind2=" " tag="260">
		<subfield code="a">[Cairo] :</subfield>
		<subfield code="b">[publisher not identified],</subfield>
		<subfield code="c">1322 [1904 or 1905]</subfield>
	</datafield>
	<datafield ind1=" " ind2=" " tag="300">
		<subfield code="a">online resource (112 pages)</subfield>
	</datafield>
	<datafield ind1=" " ind2=" " tag="336">
		<subfield code="a">text</subfield>
		<subfield code="2">rdacontent</subfield>
	</datafield>
	<datafield ind1=" " ind2=" " tag="337">
		<subfield code="a">computer</subfield>
		<subfield code="2">rdamedia</subfield>
	</datafield>
	<datafield ind1=" " ind2=" " tag="338">
		<subfield code="a">online resource</subfield>
		<subfield code="2">rdacarrier</subfield>
	</datafield>
	<datafield ind1=" " ind2=" " tag="500">
		<subfield code="a">Part of the Arabic Collections Online (ACO) project, contributed by Columbia University Libraries.</subfield>
	</datafield>
	<datafield ind1=" " ind2=" " tag="520">
		<subfield code="a">An anonymous collection of erotic tales. With (on the margin) extracts from a similar work Rujūʿ al-shaykh ilá ṣibāhu, ascribed to Ibn Kamāl Pāshā.</subfield>
	</datafield>
	<datafield ind1=" " ind2=" " tag="533">
		<subfield code="a">Electronic reproduction.</subfield>
		<subfield code="b">New York, N.Y. :</subfield>
		<subfield code="c">New York University,</subfield>
		<subfield code="d">2019.</subfield>
		<subfield code="5">NNU</subfield>
	</datafield>
	<datafield ind1=" " ind2="0" tag="650">
		<subfield code="a">Erotica.</subfield>
	</datafield>
	<datafield ind1=" " ind2="0" tag="650">
		<subfield code="a">Sex customs</subfield>
		<subfield code="z">Middle East.</subfield>
	</datafield>
	<datafield ind1=" " ind2="7" tag="650">
		<subfield code="a">Erotica.</subfield>
		<subfield code="2">fast</subfield>
		<subfield code="0">(OCoLC)fst00915007</subfield>
	</datafield>
	<datafield ind1=" " ind2="7" tag="650">
		<subfield code="a">Sex customs.</subfield>
		<subfield code="2">fast</subfield>
		<subfield code="0">(OCoLC)fst01114306</subfield>
	</datafield>
	<datafield ind1=" " ind2="7" tag="651">
		<subfield code="a">Middle East.</subfield>
		<subfield code="2">fast</subfield>
		<subfield code="0">(OCoLC)fst01241586</subfield>
	</datafield>
	<datafield ind1="0" ind2="2" tag="700">
		<subfield code="6">880-05</subfield>
		<subfield code="a">Kemalpaşazade,</subfield>
		<subfield code="d">1468 or 1469-1534.</subfield>
		<subfield code="t">Rujūʻ al-shaykh ilá ṣibāh.</subfield>
		<subfield code="k">Selections.</subfield>
	</datafield>
	<datafield ind1="2" ind2=" " tag="710">
		<subfield code="a">Columbia University.</subfield>
		<subfield code="b">Libraries.</subfield>
	</datafield>
	<datafield ind1="0" ind2=" " tag="730">
		<subfield code="a">Arabic Collections Online.</subfield>
	</datafield>
	<datafield ind1="0" ind2="8" tag="776">
		<subfield code="i">Print version:</subfield>
		<subfield code="a">ʻAdawī, Muḥammad Muṣṭafá.</subfield>
		<subfield code="t">Hādhā kitāb Bustān al-rāghibīn wa-bughyat al-ʻājizīn ʻan al-rahz lil-kāf wa-al-sīn</subfield>
		<subfield code="w">(NNC)644578</subfield>
		<subfield code="w">(OCoLC)38487403</subfield>
	</datafield>
	<datafield ind1="4" ind2="0" tag="856">
		<subfield code="u">http://hdl.handle.net/2333.1/69p8d6d6</subfield>
	</datafield>
	<datafield ind1="1" ind2="0" tag="880">
		<subfield code="6">240-01</subfield>
		<subfield code="a">بستان الراغبين وبغية العاجزين عن الرهز للكاف والسين</subfield>
	</datafield>
	<datafield ind1="1" ind2="0" tag="880">
		<subfield code="6">245-02</subfield>
		<subfield code="a">هذا كتاب بستان الراغبين وبغية العاجزين عن الرهز للكاف والسين :</subfield>
		<subfield code="b">وهو خير من تعاطي المعاجين وعند استعماله يهيج الباه شوقا للعشرين والستين /</subfield>
		<subfield code="c">كتبه محمد مصطفى العدوي. وبهامشه، كتاب الذات وبجمع الشهوات من كتاب رجوع الشيخ الى صباه.</subfield>
	</datafield>
	<datafield ind1="1" ind2="4" tag="880">
		<subfield code="6">246-03</subfield>
		<subfield code="a">كتاب بستان الراغبين</subfield>
	</datafield>
	<datafield ind1="3" ind2=" " tag="880">
		<subfield code="6">246-04</subfield>
		<subfield code="a">لذات ومجمع الشهوات</subfield>
	</datafield>
	<datafield ind1="0" ind2="2" tag="880">
		<subfield code="6">700-05</subfield>
		<subfield code="a">ابن كمال باشا‏,</subfield>
		<subfield code="d">1468 or 1469-1534.</subfield>
		<subfield code="t">رجوع الشيخ الى صباه.</subfield>
	</datafield>
	<datafield ind1=" " ind2=" " tag="959">
		<subfield code="a">NNU</subfield>
		<subfield code="b">WEB</subfield>
		<subfield code="c">GENI</subfield>
		<subfield code="t">0</subfield>
		<subfield code="m">Electronic access</subfield>
		<subfield code="s">01</subfield>
	</datafield>
	<datafield ind1=" " ind2=" " tag="999">
		<subfield code="i">NNC_644578</subfield>
		<subfield code="o">(OCoLC)ocm38487403 </subfield>
		<subfield code="s">columbia_aco003974</subfield>
		<subfield code="e">(ERROR-880)</subfield>
	</datafield>
</record>
